<?xml version="1.0" encoding="UTF-8"?><collection xmlns="http://www.loc.gov/MARC21/slim"><record><leader>00335nam--2200121-i-4500</leader><controlfield tag="001">000044169</controlfield><controlfield tag="002">20161230</controlfield><controlfield tag="005">20161230201044</controlfield><controlfield tag="008">060222s1000------------r-----000-0-eng-d</controlfield><datafield ind1=" " ind2=" " tag="100"><subfield code="a">Pullen, Keats A</subfield></datafield><datafield ind1=" " ind2=" " tag="245"><subfield code="a">International transistor substitution guide-book</subfield></datafield><datafield ind1=" " ind2=" " tag="260"><subfield code="a">New York, John F.Rider Publ., Inc., 1961, Viii+51p</subfield></datafield><datafield ind1=" " ind2=" " tag="852"><subfield code="a">17057</subfield></datafield></record></collection>